@inproceedings{zinkevich2007regret,
  title={Regret Minimization in Games with Incomplete Information},
  author={Zinkevich, Martin and Johanson, Michael and Bowling, Michael and Piccione, Carmelo},
  booktitle={Advances in Neural Information Processing Systems},
  year={2007}
}

@article{kuhn1951simplified,
  title={Simplified Two-Person Poker},
  author={Kuhn, Harold W},
  journal={Contributions to the Theory of Games},
  volume={1},
  pages={97--103},
  year={1951}
}

@article{nash1951non,
  title={Non-Cooperative Games},
  author={Nash, John F},
  journal={Annals of Mathematics},
  pages={286--295},
  year={1951}
}

@inproceedings{johanson2011accelerating,
  title={Accelerating Best Response Calculation in Large Extensive Games},
  author={Johanson, Michael and Waugh, Kevin and Bowling, Michael and Zinkevich, Martin},
  booktitle={IJCAI},
  year={2011}
}

@article{bowling2015heads,
  title={Heads-up Limit Hold'em Poker is Solved},
  author={Bowling, Michael and Burch, Neil and Johanson, Michael and Tammelin, Oskari},
  journal={Science},
  volume={347},
  number={6218},
  pages={145--149},
  year={2015}
}

@article{brown2017superhuman,
  title={Superhuman AI for Heads-up No-Limit Poker: Libratus Beats Top Professionals},
  author={Brown, Noam and Sandholm, Tuomas},
  journal={Science},
  volume={356},
  number={6337},
  pages={508--513},
  year={2017}
}

@article{brown2019superhuman,
  title={Superhuman AI for Multiplayer Poker},
  author={Brown, Noam and Sandholm, Tuomas},
  journal={Science},
  volume={365},
  number={6456},
  pages={885--890},
  year={2019}
}

@book{osborne1994course,
  title={A Course in Game Theory},
  author={Osborne, Martin J and Rubinstein, Ariel},
  year={1994},
  publisher={MIT Press},
  address={Cambridge, Massachusetts}
}

@article{nash1950equilibrium,
  title={Equilibrium points in n-person games},
  author={Nash, John F},
  journal={Proceedings of the National Academy of Sciences},
  volume={36},
  number={1},
  pages={48--49},
  year={1950},
  publisher={National Acad Sciences}
}

@inproceedings{lanctot2009monte,
  title={Monte Carlo sampling for regret minimization in extensive games},
  author={Lanctot, Marc and Waugh, Kevin and Zinkevich, Martin and Bowling, Michael},
  booktitle={Advances in Neural Information Processing Systems},
  pages={1078--1086},
  year={2009}
}

@inproceedings{gilpin2007lossless,
  title={Lossless abstraction for imperfect information games},
  author={Gilpin, Andrew and Sandholm, Tuomas},
  booktitle={Proceedings of the National Conference on Artificial Intelligence},
  volume={22},
  number={1},
  pages={343},
  year={2007}
}

@inproceedings{shi2001rhode,
  title={Rhode Island Hold'em poker},
  author={Shi, Jianbo and Littman, Michael L},
  booktitle={AAAI/IAAI},
  pages={602--607},
  year={2001}
}

@article{sandholm2005rhode,
  title={Rhode Island Hold'em: A poker tournament director},
  author={Sandholm, Tuomas and Shi, Jianbo},
  journal={Proceedings of the National Conference on Artificial Intelligence},
  volume={20},
  number={1},
  pages={1551},
  year={2005}
}


